<?xml version="1.0" encoding="UTF-8"?><collection xmlns="http://www.loc.gov/MARC21/slim"><record><leader>00512nam--2200181-i-4500</leader><controlfield tag="001">000040620</controlfield><controlfield tag="002">20161230</controlfield><controlfield tag="005">20161230201042</controlfield><controlfield tag="008">060222s1000------------r-----000-0-ger-d</controlfield><datafield ind1=" " ind2=" " tag="040"><subfield code="a">IFIN-HH</subfield></datafield><datafield ind1=" " ind2=" " tag="041"><subfield code="a">ger</subfield></datafield><datafield ind1=" " ind2=" " tag="080"><subfield code="a">53</subfield></datafield><datafield ind1="1" ind2=" " tag="100"><subfield code="a">Schneider,Erich</subfield></datafield><datafield ind1="1" ind2="0" tag="245"><subfield code="a">Von kopernikus zur kobaltwolke. unser weltbild und seine dreihndertjanrige geschichte</subfield><subfield code="c">Erich schneider</subfield></datafield><datafield ind1=" " ind2=" " tag="260"><subfield code="a">Berlin-munchen</subfield><subfield code="b">Gebruder Weiss Verlag</subfield><subfield code="c">1955</subfield></datafield><datafield ind1=" " ind2=" " tag="300"><subfield code="a">416 P</subfield></datafield><datafield ind1=" " ind2=" " tag="852"><subfield code="a">12214</subfield><subfield code="c">53.01</subfield></datafield><datafield ind1=" " ind2=" " tag="CAT"><subfield code="a">Sys</subfield><subfield code="c">20151012</subfield><subfield code="h">135823</subfield></datafield></record></collection>